
@Misc{walatutorial,
  key =   {WALA},
  title =    {{WALA}},
  note = {\url{http://wala.sourceforge.net}},
}

@Misc{simmetrics,
  key =   {simmetrics},
  title =    {{The SimMetrics String Similarity Metric Library}},
  note = {\url{http://sourceforge.net/projects/simmetrics/}},
}

@inproceedings{Dig:2006,
 author = {Dig, Danny and Comertoglu, Can and Marinov, Darko and Johnson, Ralph},
 title = {Automated detection of refactorings in evolving components},
 booktitle = {ECOOP},
 year = {2006},
} 

@inproceedings{Qu:2012,
 author = {Danny, Xiao and Acharya, Mithun and Robinson, Brian},
 title = {Configuration selection using code change impact analysis for regression testing},
 booktitle = {ICSM},
 year = {2012},
} 

@article{Cohen:2008:CIT,
 author = {Cohen, Myra B. and Dwyer, Matthew B. and Shi, Jiangfan},
 title = {Constructing Interaction Test Suites for Highly-Configurable Systems in the Presence of Constraints: A Greedy Approach},
 journal = {IEEE Trans. Softw. Eng.},
 volume = {34},
 number = {5},
 month = sep,
 year = {2008},
 pages = {633--650},
}

@Misc{officeforum,
	key = {Office help forum},
	title = {{Microsoft Office Community Forums}},
	note = {\url{http://support.microsoft.com/gp/gp_newsgroups_master}},
}

@Misc{spec4j,
  key =   {UISpec4J},
  title =    {{UISpec4J}},
  note = {\url{http://www.uispec4j.org/}},
}

@Misc{jabref,
  key =   {JabRef},
  title =    {Jab{Ref}},
  note = {\url{http://jabref.sourceforge.net/}},
}
@Misc{crossword,
  key =   {Crossword},
  title =    {Crossword},
  note = {\url{http://sourceforge.net/projects/crosswordsage/}},
}

@Misc{freemind,
  key =   {Freemind},
  title =    {FreeMind},
  note = {\url{http://freemind.sourceforge.net}},
}

@Misc{ganttproject,
  key =   {GanttProject},
  title =    {Gantt {Project}},
  note = {\url{http://www.ganttproject.biz/}},
}
@Misc{jedit,
  key =   {JEdit},
  title =    {{JEdit}},
  note = {\url{http://www.jedit.org/}},
}


@Misc{qt,
  key =   {QT},
  title =    {The {Q}t {F}ramework},
  note = {\url{http://qt.nokia.com/products/}},
}

@Misc{swing,
  key =   {JDK Swing},
  title =    {{JDK Swing} {F}ramework},
  note = {\url{http://docs.oracle.com/javase/6/docs/technotes/guides/swing/}},
}

@Misc{swt,
  key =   {SWT},
  title =    {The {SWT} Toolkit },
  note = {\url{http://eclipse.org/swt/}},
}

@Misc{abbot,
  key =   {Abbot},
  title =    {{The Abbot Java GUI Test Framework}},
  note = {\url{http://abbot.sourceforge.net}},
}

@Misc{fest,
  key =   {Fest},
  title =    {{Fest}},
  note = {\url{http://code.google.com/p/fest/}},
}

@Misc{jfcunit,
  key =   {jfcUnit},
  title =    {{jfcUnit}},
  note = {\url{http://jfcunit.sourceforge.net/}},
}

@Misc{uispec4j,
  key =   {unispec4j},
  title =    {{UISpec4J}},
  note = {\url{http://www.uispec4j.org/}},
}

@inproceedings{ArltISSRE2012,
   author = {Stephan Arlt and Andreas Podelski and Cristiano Bertolini and
	Martin Schaf and Ishan Banerjee and Atif Memon},
   title = {Lightweight Static Analysis for {GUI} Testing},
   booktitle = {ISSRE},
   omitpublisher = {IEEE Computer Society},
   omitaddress = {Washington, DC, USA},
   year = {2012}
}

@inproceedings{Gupta:2009:TP,
 author = {Gupta, Ashutosh and Majumdar, Rupak and Rybalchenko, Andrey},
 title = {From Tests to Proofs},
 booktitle = {TACAS},
 year = {2009},
 pages = {262--276},
 numpages = {15},
} 

@inproceedings{McMinn:2012:STI,
 author = {McMinn, Phil and Shahbaz, Muzammil and Stevenson, Mark},
 title = {Search-Based Test Input Generation for String Data Types Using the Results of Web Queries},
 booktitle = {ICST},
 year = {2012},
 pages = {141--150},
 numpages = {10},
} 


@ARTICLE{randomeffec, 
author={Arcuri, A. and Iqbal, M.Z. and Briand, L.}, 
journal={TSE},
title={Random Testing: Theoretical Results and Practical Implications}, 
year={2012}, 
month={march-april }, 
volume={38}, 
number={2}, 
pages={258 -277}, 
keywords={mathematical analysis;partition testing;random testing;software testing;software tool;program testing;software tools;}, 
doi={10.1109/TSE.2011.121}, 
ISSN={0098-5589},}


@inproceedings{Ganov:2009:ELA,
 author = {Ganov, Svetoslav and Killmar, Chip and Khurshid, Sarfraz and Perry, Dewayne E.},
 title = {Event Listener Analysis and Symbolic Execution for Testing {GUI} Applications},
 booktitle = {ICFEM},
 year = {2009},
} 

@inproceedings{Paiva:2007:REF,
 author = {Paiva, Ana C. R. and Faria, Jo\~{a}o C. P. and Mendes, Pedro M. C.},
 title = {Reverse engineered formal models for GUI testing},
 booktitle = {FMICS},
 year = {2008},
} 

@inproceedings{MarianiPRS12,
  author = {Mariani, Leonardo and Pezzè, Mauro and Riganelli, Oliviero and Santoro, Mauro},
  title = {AutoBlackTest: Automatic Black-Box Testing of Interactive Applications.},
  booktitle = {ICST},
  pages = {81-90},
  publisher = {IEEE},
  year = 2012
}

@inproceedings{MemonWCRE2003,
   author = {Atif M. Memon and Ishan Banerjee and Adithya Nagarajan},
   title = {{GUI} Ripping: Reverse Engineering of Graphical User
	Interfaces for Testing},
   booktitle = {Proceedings of The 10th Working Conference on Reverse
	Engineering},
   month = nov,
   year = {2003}
}

@article{Memon:2006:EUP,
 author = {Memon, Atif M.},
 title = {Employing user profiles to test a new version of a {GUI} component in its context of use},
 journal = {Software Quality Control},
 issue_date = {December  2006},
 volume = {14},
 number = {4},
 month = dec,
 year = {2006},
 issn = {0963-9314},
 pages = {359--377},
 numpages = {19},
 url = {http://dx.doi.org/10.1007/s11219-006-0040-7},
 doi = {10.1007/s11219-006-0040-7},
 acmid = {1166887},
 publisher = {Kluwer Academic Publishers},
 address = {Hingham, MA, USA},
 keywords = {Automated testing, GUI testing, Software components, Test oracles, User profiles, User session data},
} 

@inproceedings{White:2001:UTG,
 author = {White, Lee and Almezen, Husain and Alzeidi, Nasser},
 title = {User-Based Testing of GUI Sequences and Their Interactions},
 booktitle = {ISSRE},
 year = {2001},
} 

@inproceedings{Fu:2009:ITR,
 author = {Fu, Chen and Grechanik, Mark and Xie, Qing},
 title = {Inferring Types of References to GUI Objects in Test Scripts},
 booktitle = {ICST},
 year = {2009},
} 


@inproceedings{Silva:2010:GTT,
 author = {Silva, Jo\~{a}o Carlos and Silva, Carlos and Gon\c{c}alo, Rui D. and Saraiva, Jo\~{a}o and Campos, Jos{\'e} Creissac},
 title = {The {GUIS}urfer tool: towards a language independent approach to reverse engineering {GUI} code},
 booktitle = {EICS},
 year = {2010},
} 


@article{Gajos:2010:AGP,
 author = {Gajos, Krzysztof Z. and Weld, Daniel S. and Wobbrock, Jacob O.},
 title = {Automatically generating personalized user interfaces with Supple},
 journal = {Artif. Intell.},
 issue_date = {August, 2010},
 volume = {174},
 number = {12-13},
 month = aug,
 year = {2010},
 issn = {0004-3702},
 pages = {910--950},
 numpages = {41},
 url = {http://dx.doi.org/10.1016/j.artint.2010.05.005},
 doi = {10.1016/j.artint.2010.05.005},
 acmid = {1824886},
 publisher = {Elsevier Science Publishers Ltd.},
 address = {Essex, UK},
 keywords = {Ability-based user interfaces, Adaptation, Automatic user interface generation, Optimization, Personalized user interfaces, Supple},
} 


@inproceedings{Long:2009:AHV,
 author = {Long, Fan and Wang, Xi and Cai, Yang},
 title = {Api hyperlinking via structural overlap},
 booktitle = {Proceedings of the the 7th joint meeting of the European software engineering conference and the ACM SIGSOFT symposium on The foundations of software engineering},
 series = {ESEC/FSE '09},
 year = {2009},
 isbn = {978-1-60558-001-2},
 location = {Amsterdam, The Netherlands},
 pages = {203--212},
 numpages = {10},
 url = {http://doi.acm.org/10.1145/1595696.1595727},
 doi = {10.1145/1595696.1595727},
 acmid = {1595727},
 publisher = {ACM},
 address = {New York, NY, USA},
 keywords = {api recommendation, module clustering, overlap rank},
} 

@inproceedings{Bixin12,
  author = {Li, Bixin and Sun, Xiaobing and Leung, Hareton and Zhang, Sai},
  title = {{A Survey of Code-Based Change Impact Analysis Techniques}},
  booktitle = {STVR},
  year = {2012},
}


@inproceedings{RenSTRC2004,
  author = {Xiaoxia Ren and Fenil Shah and Frank Tip and Barbara G. Ryder and Ophelia
	Chesley},
  title = {{Chianti: A Tool for Change Impact Analysis of Java Programs}},
  booktitle = {OOPSLA},
  year = {2004},
}


@inproceedings{Ren:2007:HRJ,
 author = {Ren, Xiaoxia and Ryder, Barbara G.},
 title = {Heuristic ranking of java program edits for fault localization},
 booktitle = {Proceedings of the 2007 international symposium on Software testing and analysis},
 series = {ISSTA '07},
 year = {2007},
 isbn = {978-1-59593-734-6},
 location = {London, United Kingdom},
 pages = {239--249},
 numpages = {11},
 url = {http://doi.acm.org/10.1145/1273463.1273495},
 doi = {10.1145/1273463.1273495},
 acmid = {1273495},
 publisher = {ACM},
 address = {New York, NY, USA},
 keywords = {change impact analysis, debugging, fault localization, heuristic ranking, java, testing},
} 

@inproceedings{Eagan:2011:CCN,
 author = {Eagan, James R. and Beaudouin-Lafon, Michel and Mackay, Wendy E.},
 title = {Cracking the cocoa nut: user interface programming at runtime},
 booktitle = {UIST},
 year = {2011},
} 


@inproceedings{Dixon:2010:PIA,
 author = {Dixon, Morgan and Fogarty, James},
 title = {Prefab: implementing advanced behaviors using pixel-based reverse engineering of interface structure},
 booktitle = {CHI},
 year = {2010},
} 

@inproceedings{Demsky:2006:IED,
 author = {Demsky, Brian and Ernst, Michael D. and Guo, Philip J. and McCamant, Stephen and Perkins, Jeff H. and Rinard, Martin},
 title = {Inference and enforcement of data structure consistency specifications},
 booktitle = {ISSTA},
 year = {2006},
} 

@Inproceedings{wang-fse12,
  author = {Wang, Xiaoyin and Zhang, Lu and Xie, Tao and Xiong, Yingfei and Mei, Hong},
  title = {Automating Presentation Changes in Dynamic Web Applications via Collaborative Hybrid Analysis},
  year = {2012},
  booktitle = {FSE},
}

@inproceedings{Xiong:2007:TAM:1321631.1321657,
 author = {Xiong, Yingfei and Liu, Dongxi and Hu, Zhenjiang and Zhao, Haiyan and Takeichi, Masato and Mei, Hong},
 title = {Towards automatic model synchronization from model transformations},
 booktitle = {Proceedings of the twenty-second IEEE/ACM international conference on Automated software engineering},
 series = {ASE '07},
 year = {2007},
 isbn = {978-1-59593-882-4},
 location = {Atlanta, Georgia, USA},
 pages = {164--173},
 numpages = {10},
 url = {http://doi.acm.org/10.1145/1321631.1321657},
 doi = {10.1145/1321631.1321657},
 acmid = {1321657},
 publisher = {ACM},
 address = {New York, NY, USA},
 keywords = {ATL, MDA, model synchronization, model transformation},
} 

@article{dd,
 author = {Zeller, Andreas},
 title = {Yesterday, my program worked. Today, it does not. Why?},
 journal = {SIGSOFT Softw. Eng. Notes},
 volume = {24},
 number = {6},
 year = {1999},
 issn = {0163-5948},
 pages = {253--267},
 doi = {http://doi.acm.org/10.1145/318774.318946},
 publisher = {ACM},
 address = {New York, NY, USA},
 }

@inproceedings{Dallmeier:2009,
 author = {Dallmeier, Valentin and Zeller, Andreas and Meyer, Bertrand},
 title = {Generating Fixes from Object Behavior Anomalies},
 booktitle = {Proceedings of the 2009 IEEE/ACM International Conference on Automated Software Engineering},
 series = {ASE '09},
 year = {2009},
 isbn = {978-0-7695-3891-4},
 pages = {550--554},
 numpages = {5},
 url = {http://dx.doi.org/10.1109/ASE.2009.15},
 doi = {10.1109/ASE.2009.15},
 acmid = {1747554},
 publisher = {IEEE Computer Society},
 address = {Washington, DC, USA},
 keywords = {debugging, fixing, object usage patterns},
} 


@inproceedings{Ko:2008:DRA,
 author = {Ko, Andrew J. and Myers, Brad A.},
 title = {Debugging reinvented: asking and answering why and why not questions about program behavior},
 booktitle = {Proceedings of the 30th international conference on Software engineering},
 series = {ICSE '08},
 year = {2008},
 isbn = {978-1-60558-079-1},
 location = {Leipzig, Germany},
 pages = {301--310},
 numpages = {10},
 url = {http://doi.acm.org/10.1145/1368088.1368130},
 doi = {10.1145/1368088.1368130},
 acmid = {1368130},
 publisher = {ACM},
 address = {New York, NY, USA},
 keywords = {whyline},
} 


@inproceedings{reassert,
 author = {Daniel, Brett and Dig, Danny and Gvero, Tihomir and Jagannath, Vilas and Jiaa, Johnston and Mitchell, Damion and Nogiec, Jurand and Tan, Shin Hwei and Marinov, Darko},
 title = {ReAssert: a tool for repairing broken unit tests},
 booktitle = {ICSE},
 year = {2011},
} 

@inproceedings{Carzaniga:2012:STJ,
 author = {Carzaniga, Antonio and Gorla, Alessandra and Mattavelli, Andrea and Perino, Nicol\`{o}},
 title = {A self-healing technique for {Java} applications},
 booktitle = {ICSE},
 year = {2012},
 omitisbn = {978-1-4673-1067-3},
 omitlocation = {Zurich, Switzerland},
 omitpages = {1445--1446},
 omitnumpages = {2},
 omiturl = {http://dl.acm.org/citation.cfm?id=2337223.2337444},
 acmid = {2337444},
 omitpublisher = {IEEE Press},
 omitaddress = {Piscataway, NJ, USA},
} 


@inproceedings{Carzaniga:2010:AWW,
 author = {Carzaniga, Antonio and Gorla, Alessandra and Perino, Nicol\`{o} and Pezz\`{e}, Mauro},
 title = {Automatic workarounds for web applications},
 booktitle = {Proceedings of the eighteenth ACM SIGSOFT international symposium on Foundations of software engineering},
 series = {FSE '10},
 year = {2010},
 isbn = {978-1-60558-791-2},
 location = {Santa Fe, New Mexico, USA},
 pages = {237--246},
 numpages = {10},
 url = {http://doi.acm.org/10.1145/1882291.1882327},
 doi = {10.1145/1882291.1882327},
 acmid = {1882327},
 publisher = {ACM},
 address = {New York, NY, USA},
 keywords = {automatic workarounds, web api, web applications},
} 


@inproceedings{Halfond:2008:AIP:1453101.1453126,
 author = {Halfond, William G. J. and Orso, Alessandro},
 title = {Automated identification of parameter mismatches in web applications},
 booktitle = {Proceedings of the 16th ACM SIGSOFT International Symposium on Foundations of software engineering},
 series = {SIGSOFT '08/FSE-16},
 year = {2008},
 isbn = {978-1-59593-995-1},
 location = {Atlanta, Georgia},
 pages = {181--191},
 numpages = {11},
 url = {http://doi.acm.org/10.1145/1453101.1453126},
 doi = {10.1145/1453101.1453126},
 acmid = {1453126},
 publisher = {ACM},
 address = {New York, NY, USA},
 keywords = {web applications},
} 


@inproceedings{Zhong:2010,
 author = {Zhong, Hao and Thummalapenta, Suresh and Xie, Tao and Zhang, Lu and Wang, Qing},
 title = {Mining API mapping for language migration},
 booktitle = {ICSE},
 year = {2010},
} 


@inproceedings{Qi:2009:DAD,
 author = {Qi, Dawei and Roychoudhury, Abhik and Liang, Zhenkai and Vaswani, Kapil},
 title = {Darwin: an approach for debugging evolving programs},
 booktitle = {FSE},
 year = {2009},
} 

@inproceedings{ZhangSBE2011,
   author = {Sai Zhang and David Saff and Yingyi Bu and Michael D. Ernst},
   title = {Combined static and dynamic automated test generation},
   booktitle = {Proc. ISSTA},
   year = {2011}
}

@inproceedings{Michail:2005:HUA,
 author = {Michail, Amir and Xie, Tao},
 title = {Helping users avoid bugs in {GUI} applications},
 booktitle = {ICSE},
 year = {2005},
} 


@inproceedings{MemonFSE2000,
   author = {Atif M. Memon and Martha E. Pollack and Mary Lou Soffa},
   title = {Automated test oracles for {GUIs}},
   booktitle = {Proc. FSE},
   year = {2000},
   isbn = {1-58113-205-0}
}

@inproceedings{Harman:2007,
 author = {Harman, Mark},
 title = {The Current State and Future of Search Based Software Engineering},
 booktitle = {Proc. Future of Software Engineering},
 year = {2007},
 isbn = {0-7695-2829-5},
 numpages = {16},
 url = {http://dx.doi.org/10.1109/FOSE.2007.29},
 doi = {http://dx.doi.org/10.1109/FOSE.2007.29},
 acmid = {1254729},
} 

@inproceedings{BrooksMemonASE2007,
   author = {Penelope Brooks and Atif M. Memon},
   title = {Automated {GUI} Testing Guided by Usage Profiles},
   booktitle = {Proc. ASE '07},
   year = {2007}
}

@inproceedings{Daniel:2011,
 author = {Daniel, Brett and Luo, Qingzhou and Mirzaaghaei, Mehdi and Dig, Danny and Marinov, Darko and Pezz\`{e}, Mauro},
 title = {Automated GUI refactoring and test script repair},
 booktitle = {ETSE},
 year = {2011},
 isbn = {978-1-4503-0808-3},
 omitlocation = {Toronto, Ontario, Canada},
 omitpages = {38--41},
 omitnumpages = {4},
 url = {http://doi.acm.org/10.1145/2002931.2002937},
 doi = {10.1145/2002931.2002937},
 acmid = {2002937},
 omitpublisher = {ACM},
 omitaddress = {New York, NY, USA},
 omitkeywords = {GUI maintenance, GUI refactoring, automated GUI testing, graphical user interfaces},
} 

@inproceedings{Li:2008,
 author = {Li, Peng and Wohlstadter, Eric},
 title = {View-based maintenance of graphical user interfaces},
 booktitle = {Proceedings of the 7th international conference on Aspect-oriented software development},
 series = {AOSD '08},
 year = {2008},
 isbn = {978-1-60558-044-9},
 location = {Brussels, Belgium},
 pages = {156--167},
 numpages = {12},
 url = {http://doi.acm.org/10.1145/1353482.1353501},
 doi = {10.1145/1353482.1353501},
 acmid = {1353501},
 publisher = {ACM},
 address = {New York, NY, USA},
} 

@inproceedings{Zhang:2012:FEM:04000800.2336782,
 author = {Zhang, Sai and L\"{u}, Hao and Ernst, Michael D.},
 title = {Finding errors in multithreaded {GUI} applications},
 booktitle = {Proceedings of the 2012 International Symposium on Software Testing and Analysis},
 series = {ISSTA 2012},
 year = {2012},
 isbn = {978-1-4503-1454-1},
 location = {Minneapolis, MN, USA},
 pages = {243--253},
 numpages = {11},
 url = {http://doi.acm.org/10.1145/04000800.2336782},
 doi = {10.1145/04000800.2336782},
 acmid = {2336782},
 publisher = {ACM},
 address = {New York, NY, USA},
} 



@inproceedings{Grechanik:2009,
 author = {Grechanik, Mark and Xie, Qing and Fu, Chen},
 title = {Maintaining and evolving GUI-directed test scripts},
 booktitle = {ICSE},
 year = {2009},
} 



@inproceedings{Gaudel:2011:CMP,
 author = {Gaudel, Marie-Claude},
 title = {Checking models, proving programs, and testing systems},
 booktitle = {TAP},
 year = {2011},
} 

@inproceedings{Li:2012:RIP,
 author = {Li, Kaituo and Reichenbach, Christoph and Csallner, Christoph and Smaragdakis, Yannis},
 title = {Residual investigation: predictive and precise bug detection},
 booktitle = {ISSTA},
 year = {2012},
} 


@inproceedings{Leitner:2007:EUT,
 author = {Leitner, Andreas and Oriol, Manuel and Zeller, Andreas and Ciupa, Ilinca and Meyer, Bertrand},
 title = {Efficient unit test case minimization},
 booktitle = {ASE},
 year = {2007},
} 

@inproceedings{LeGoues:2012:SSA,
 author = {Le Goues, Claire and Dewey-Vogt, Michael and Forrest, Stephanie and Weimer, Westley},
 title = {A systematic study of automated program repair: fixing 55 out of 105 bugs for \$8 each},
 booktitle = {ICSE},
 year = {2012},
} 


@inproceedings{Perkins:2009:APE,
 author = {Perkins, Jeff H. and Kim, Sunghun and Larsen, Sam and Amarasinghe, Saman and Bachrach, Jonathan and Carbin, Michael and Pacheco, Carlos and Sherwood, Frank and Sidiroglou, Stelios and Sullivan, Greg and Wong, Weng-Fai and Zibin, Yoav and Ernst, Michael D. and Rinard, Martin},
 title = {Automatically patching errors in deployed software},
 booktitle = {SOSP},
 year = {2009},
} 


@inproceedings{Li:2008:VMG,
 author = {Li, Peng and Wohlstadter, Eric},
 title = {View-based maintenance of graphical user interfaces},
 booktitle = {AOSD},
 year = {2008},
} 

@article{Myers:1995,
 author = {Myers, Brad A.},
 title = {User interface software tools},
 journal = {ACM Trans. CHI},
 volume = {2},
 number = {1},
 month = mar,
 year = {1995},
 pages = {64--103},
 numpages = {40},
} 

@article{Memon:2008:ARE,
 author = {Memon, Atif M.},
 title = {Automatically repairing event sequence-based GUI test suites for regression testing},
 journal = {ACM Trans. Softw. Eng. Methodol.},
 issue_date = {November 2008},
 volume = {18},
 number = {2},
 month = nov,
 year = {2008},
 issn = {1049-331X},
 pages = {4:1--4:36},
 articleno = {4},
 numpages = {36},
 url = {http://doi.acm.org/10.1145/1416563.1416564},
 doi = {10.1145/1416563.1416564},
 acmid = {1416564},
 publisher = {ACM},
 address = {New York, NY, USA},
 keywords = {Graphical user interfaces, regression testing, repairing test cases, test case management, test maintenance},
} 


@inproceedings{Huang:2010:RGT,
 author = {Huang, Si and Cohen, Myra B. and Memon, Atif M.},
 title = {Repairing {GUI} Test Suites Using a Genetic Algorithm},
 booktitle = {Proc. ICST},
 OMITseries = {ICST '10},
 year = {2010},
 isbn = {978-0-7695-3990-4},
 numpages = {10},
 url = {http://dx.doi.org/10.1109/ICST.2010.39},
 doi = {http://dx.doi.org/10.1109/ICST.2010.39},
 acmid = {1828465},
 keywords = {GUI Testing, Combinatorial Interaction Testing, Genetic Algorithms, Automated Test Case Generation},
} 

@inproceedings{MemonICSE1999,
   author = {Atif M. Memon and Martha E. Pollack and Mary Lou Soffa},
   title = {Using a goal-driven approach to generate test cases for {GUIs}},
   booktitle = {Proc. ICSE},
   pages = {257--266},
   year = {1999},
   isbn = {1-58113-074-0}
}


@inproceedings{Pasareanu:2011,
 author = {P\u{a}s\u{a}reanu, Corina S. and Rungta, Neha and Visser, Willem},
 title = {Symbolic execution with mixed concrete-symbolic solving},
 booktitle = {ISSTA},
 year = {2011},
 isbn = {978-1-4503-0562-4},
 location = {Toronto, Ontario, Canada},
 numpages = {11},
 url = {http://doi.acm.org/10.1145/2001420.2001425},
 doi = {http://doi.acm.org/10.1145/2001420.2001425},
 acmid = {2001425},
 keywords = {DART, constraint solving, symbolic execution, test case generation},
} 


%the following bibs are unlikely to use

@inproceedings{Sundaresan:2000,
 author = {Sundaresan, Vijay and Hendren, Laurie and Razafimahefa, Chrislain and Vall\'{e}e-Rai, Raja and Lam, Patrick and Gagnon, Etienne and Godin, Charles},
 title = {Practical virtual method call resolution for {Java}},
 booktitle = {Proc. OOPSLA},
 OMITseries = {OOPSLA '00},
 year = {2000},
 isbn = {1-58113-200-X},
 OMITlocation = {Minneapolis, Minnesota, United States},
 numpages = {17},
} 

@inproceedings{Might:2010,
 author = {Might, Matthew and Smaragdakis, Yannis and Van Horn, David},
 title = {Resolving and exploiting the k-CFA paradox: illuminating functional vs. object-oriented program analysis},
 booktitle = {Proc. PLDI},
 OMITseries = {PLDI '10},
 year = {2010},
 isbn = {978-1-4503-0019-3},
} 


@inproceedings{Livshits:2005,
 author = {Livshits, Benjamin and Whaley, John and Lam, Monica S.},
 title = {Reflection analysis for {J}ava},
 booktitle = {Proc. APLAS '05},
 OMITseries = {APLAS'05},
 year = {2005},
 OMITisbn = {3-540-29735-9, 978-3-540-29735-2},
 OMITlocation = {Tsukuba, Japan},
 OMITpages = {139--160},
 numpages = {22},
 url = {http://dx.doi.org/10.1007/11575467_11},
 doi = {10.1007/11575467_11},
 OMITacmid = {2099724},
} 

@inproceedings{Bodden:2011,
 author = {Bodden, Eric and Sewe, Andreas and Sinschek, Jan and Oueslati, Hela and Mezini, Mira},
 title = {Taming reflection: Aiding static analysis in the presence of reflection and custom class loaders},
 booktitle = {Proc. ICSE},
 OMITseries = {ICSE '11},
 year = {2011},
 isbn = {978-1-4503-0445-0},
 location = {Waikiki, Honolulu, HI, USA},
 numpages = {10},
 url = {http://doi.acm.org/10.1145/1985793.1985827},
 doi = {http://doi.acm.org/10.1145/1985793.1985827},
 acmid = {1985827},
 keywords = {dynamic class loaders, dynamic class loading, native code, reflection, static analysis, tracing},
} 


@inproceedings{MemonFSE2001,
   author = {Atif M. Memon and Mary Lou Soffa and Martha E. Pollack},
   title = {Coverage criteria for {GUI} testing},
   booktitle = {Proc. ESEC/FSE-9},
   pages = {256--267},
   year = {2001},
   isbn = {1-58113-390-1}
}

@inproceedings{Flanagan:2009,
 author = {Flanagan, Cormac and Freund, Stephen N.},
 title = {{FastTrack}: efficient and precise dynamic race detection},
 booktitle = {Proc. PLDI},
  OMITseries = {PLDI '09},
 year = {2009},
 isbn = {978-1-60558-392-1},
 location = {Dublin, Ireland},
 numpages = {13},
 url = {http://doi.acm.org/10.1145/1542476.1542490},
 doi = {http://doi.acm.org/10.1145/1542476.1542490},
 acmid = {1542490},
 keywords = {concurrency, dynamic analysis, race conditions},
} 

@inproceedings{Naik:2006,
 author = {Naik, Mayur and Aiken, Alex and Whaley, John},
 title = {Effective static race detection for {Java}},
 booktitle = {Proc. PLDI},
 OMITseries = {PLDI '06},
 year = {2006},
 isbn = {1-59593-320-4},
 location = {Ottawa, Ontario, Canada},
 OMITpages = {308--319},
 numpages = {12},
 url = {http://doi.acm.org/10.1145/1133981.1134018},
 doi = {http://doi.acm.org/10.1145/1133981.1134018},
 acmid = {1134018},
 keywords = {Java, concurrency, multi-threading, static race detection, synchronization},
} 
@inproceedings{Bodden:2008,
 author = {Bodden, Eric and Havelund, Klaus},
 title = {Racer: effective race detection using aspectj},
 booktitle = {Proc. ISSTA '08},
 OMITseries = {ISSTA '08},
 year = {2008},
 isbn = {978-1-60558-050-0},
 location = {Seattle, WA, USA},
 OMITpages = {155--166},
 numpages = {12},
 url = {http://doi.acm.org/10.1145/1390630.1390650},
 doi = {http://doi.acm.org/10.1145/1390630.1390650},
 acmid = {1390650},
 keywords = {aspect-oriented programming, race detection, runtime verification, semantic pointcuts, static analysis},
} 

@inproceedings{Sen:2008,
 author = {Sen, Koushik},
 title = {Race directed random testing of concurrent programs},
 booktitle = {Proc. PLDI' 08},
 OMITseries = {PLDI '08},
 year = {2008},
 isbn = {978-1-59593-860-2},
 location = {Tucson, AZ, USA},
 pages = {11--21},
 numpages = {11},
 url = {http://doi.acm.org/10.1145/1375581.1375584},
 doi = {http://doi.acm.org/10.1145/1375581.1375584},
 acmid = {1375584},
 keywords = {concurrency, dynamic analysis, race detection, random testing},
} 


@inproceedings{Elmas:2007,
 author = {Elmas, Tayfun and Qadeer, Shaz and Tasiran, Serdar},
 title = {Goldilocks: a race and transaction-aware {Java} runtime},
 booktitle = {Proc. PLDI},
 OMITseries = {PLDI '07},
 year = {2007},
 isbn = {978-1-59593-633-2},
 location = {San Diego, California, USA},
 numpages = {11},
 url = {http://doi.acm.org/10.1145/1250734.1250762},
 doi = {http://doi.acm.org/10.1145/1250734.1250762},
 acmid = {1250762},
 keywords = {Java runtime, data-race detection, runtime monitoring, software transactions},
} 



@inproceedings{Savage:1997,
 author = {Savage, Stefan and Burrows, Michael and Nelson, Greg and Sobalvarro, Patrick and Anderson, Thomas},
 title = {Eraser: a dynamic data race detector for multi-threaded programs},
 booktitle = {Proc. SOSP},
 OMITseries = {SOSP '97},
 year = {1997},
 isbn = {0-89791-916-5},
 location = {Saint Malo, France},
 numpages = {11},
 url = {http://doi.acm.org/10.1145/268998.266641},
 doi = {http://doi.acm.org/10.1145/268998.266641},
 acmid = {266641},
} 


@article{Shacham:2007,
 author = {Shacham, Ohad and Sagiv, Mooly and Schuster, Assaf},
 title = {Scaling model checking of dataraces using dynamic information},
 journal = {J. Parallel Distrib. Comput.},
 volume = {67},
 issue = {5},
 month = {May},
 year = {2007},
 issn = {0743-7315},
 pages = {536--550},
 numpages = {15},
 url = {http://dl.acm.org/citation.cfm?id=1235890.1236048},
 doi = {10.1016/j.jpdc.2007.01.006},
 acmid = {1236048},
 keywords = {Data race detection, Datarace, Lockset, Model checking, Multithreading},
} 
@inproceedings{Santelices:2008:TAE,
 author = {Santelices, R. and Chittimalli, P. K. and Apiwattanapong, T. and Orso, A. and Harrold, M. J.},
 title = {Test-Suite Augmentation for Evolving Software},
 booktitle = {ASE},
 year = {2008},
} 


@inproceedings{XieMemonICSM2005,
   author = {Qing Xie and Atif M. Memon},
   title = {Rapid "Crash Testing" for Continuously Evolving {GUI}-Based
	Software Applications},
   booktitle = {Proc. ICSM '05},
   pages = {473--482},
   year = {2005},
   isbn = {0-7695-2368-4}
}
@inproceedings{YuanMemonICSE2007,
   author = {Xun Yuan and Atif M. Memon},
   title = {Using {GUI} Run-Time State as Feedback to Generate Test Cases},
   booktitle = {Proc. ICSE},
   year = {2007},
   isbn = {0-7695-2828-7}
}
@inproceedings{Dobolyi:2010:MCW:1831708.1831720,
 author = {Dobolyi, Kinga and Weimer, Westley},
 title = {Modeling consumer-perceived web application fault severities for testing},
 booktitle = {Proc. ISSTA '10},
 OMITseries = {ISSTA '10},
 year = {2010},
 isbn = {978-1-60558-823-0},
 location = {Trento, Italy},
 pages = {97--106},
 numpages = {10},
 url = {http://doi.acm.org/10.1145/1831708.1831720},
 doi = {http://doi.acm.org/10.1145/1831708.1831720},
 acmid = {1831720},
 keywords = {fault, severity, web application},
} 


@inproceedings{Enck:2011:SAA:2028067.2028088,
 author = {Enck, William and Octeau, Damien and McDaniel, Patrick and Chaudhuri, Swarat},
 title = {A study of android application security},
 booktitle = {Proc. USENIX Security' 11},
 OMITseries = {SEC'11},
 year = {2011},
 location = {San Francisco, CA},
 pages = {21--21},
 numpages = {1},
 url = {http://dl.acm.org/citation.cfm?id=2028067.2028088},
 acmid = {2028088},
 OMITpublisher = {USENIX Association},
 address = {Berkeley, CA, USA},
} 

@inproceedings{Jamrozik:2012:ADS,
 author = {Jamrozik, Konrad and Fraser, Gordon and Tillmann, Nikolai and De Halleux, Jonathan},
 title = {Augmented dynamic symbolic execution},
 booktitle = {ASE},
 year = {2012},
} 


@INPROCEEDINGS{frameworkevolution, 
author={Sichen Meng and Xiaoyin Wang and Lu Zhang and Hong Mei},
booktitle={ICSE},
title={A history-based matching approach to identification of framework evolution}, 
year={2012}, 
}


@inproceedings{Geldenhuys:2012:PSE,
 author = {Geldenhuys, Jaco and Dwyer, Matthew B. and Visser, Willem},
 title = {Probabilistic symbolic execution},
 booktitle = {ISSTA},
 year = {2012},
} 

@inproceedings{halfond09issta,
author = {W. Halfond and  S. Anand and A. Orso},
title = {{Precise Interface Identification to Improve Testing and Analysis of Web Applications}},
booktitle = {ISSTA},
year = {2009},
}
@article{YuanCohenMemonTSE2011,
   author = {Xun Yuan and Myra B. Cohen and Atif M. Memon},
   title = {{GUI} Interaction Testing: Incorporating Event Context},
   journal = {IEEE TSE},
   volume = {37},
   number = {4},
   year = {2011}
}

@inproceedings{Bertolino:2007:STR:1253532.1254712,
 author = {Bertolino, Antonia},
 title = {Software Testing Research: Achievements, Challenges, Dreams},
 booktitle = {Proc. Future of Software Engineering},
 OMITseries = {FOSE '07},
 year = {2007},
 isbn = {0-7695-2829-5},
 numpages = {19},
 url = {http://dx.doi.org/10.1109/FOSE.2007.25},
 doi = {http://dx.doi.org/10.1109/FOSE.2007.25},
 acmid = {1254712},
} 

@inproceedings{Weeratunge:2010,
 author = {Weeratunge, Dasarath and Zhang, Xiangyu and Sumner, William N. and Jagannathan, Suresh},
 title = {Analyzing concurrency bugs using dual slicing},
 booktitle = {ISSTA},
 year = {2010},
 isbn = {978-1-60558-823-0},
 location = {Trento, Italy},
 numpages = {12},
 url = {http://doi.acm.org/10.1145/1831708.1831740},
 doi = {http://doi.acm.org/10.1145/1831708.1831740},
 acmid = {1831740},
 keywords = {concurrency bugs, dual slicing, execution indexing},
} 

@inproceedings{chess,
 author = {Musuvathi, Madanlal and Qadeer, Shaz and Ball, Thomas and Basler, Gerard and Nainar, Piramanayagam Arumuga and Neamtiu, Iulian},
 title = {Finding and reproducing Heisenbugs in concurrent programs},
 booktitle = {Proc. OSDI},
 year = {2008},
 location = {San Diego, California},
 numpages = {14},
 url = {http://dl.acm.org/citation.cfm?id=1855741.1855760},
 acmid = {1855760},
 OMITpublisher = {USENIX Association},
 OMITaddress = {Berkeley, CA, USA},
} 

@article{Inverardi:2000,
 author = {Inverardi, Paola and Wolf, Alexander L. and Yankelevich, Daniel},
 title = {Static checking of system behaviors using derived component assumptions},
 journal = {ACM Trans. Softw. Eng. Methodol.},
 volume = {9},
 issue = {3},
 month = {July},
 year = {2000},
 issn = {1049-331X},
 pages = {239--272},
 numpages = {34},
 url = {http://doi.acm.org/10.1145/352591.352593},
 doi = {http://doi.acm.org/10.1145/352591.352593},
 acmid = {352593},
 keywords = {assumptions, chemical abstract machine model, component-based systems, static analysis},
} 

@inproceedings{Huang:2011:EST,
 author = {Huang, Jeff and Zhang, Charles},
 title = {An efficient static trace simplification technique for debugging concurrent programs},
 booktitle = {SAS},
 year = {2011},
 isbn = {978-3-642-23701-0},
 location = {Venice, Italy},
 numpages = {17},
 url = {http://dl.acm.org/citation.cfm?id=2041552.2041567},
 acmid = {2041567},
 keywords = {concurrent program, debugging, trace simplification},
} 


@article{Siegel:2008,
 author = {Siegel, Stephen F. and Mironova, Anastasia and Avrunin, George S. and Clarke, Lori A.},
 title = {Combining symbolic execution with model checking to verify parallel numerical programs},
 journal = {ACM Trans. Softw. Eng. Methodol.},
 volume = {17},
 issue = {2},
 year = {2008},
 issn = {1049-331X},
 pages = {10:1--10:34},
 articleno = {10},
 numpages = {34},
 url = {http://doi.acm.org/10.1145/1348250.1348256},
 doi = {http://doi.acm.org/10.1145/1348250.1348256},
 acmid = {1348256},
 keywords = {Finite-state verification, MPI, Message Passing Interface, Spin, concurrency, floating-point, high performance computing, model checking, numerical program, parallel programming, symbolic execution},
} 

@article{smc,
 author = {Jhala, Ranjit and Majumdar, Rupak},
 title = {Software model checking},
 journal = {ACM Comput. Surv.},
 issue_date = {October 2009},
 volume = {41},
 number = {4},
 month = oct,
 year = {2009},
 issn = {0360-0300},
 pages = {21:1--21:54},
 articleno = {21},
 numpages = {54},
 url = {http://doi.acm.org/10.1145/1592434.1592438},
 doi = {10.1145/1592434.1592438},
 acmid = {1592438},
 publisher = {ACM},
 address = {New York, NY, USA},
 keywords = {Software model checking, abstraction, counterexample-guided refinement, enumerative and symbolic model checking, liveness, safety},
} 



@inproceedings{Nori:2010:ESO,
 author = {Nori, Aditya V. and Rajamani, Sriram K.},
 title = {An empirical study of optimizations in {YOGI}},
 booktitle = {Proc. ICSE},
 OMITseries = {ICSE '10},
 year = {2010},
 isbn = {978-1-60558-719-6},
 location = {Cape Town, South Africa},
 numpages = {10},
 url = {http://doi.acm.org/10.1145/1806799.1806852},
 doi = {http://doi.acm.org/10.1145/1806799.1806852},
 acmid = {1806852},
 keywords = {abstraction refinement, directed testing, software model checking, testing},
} 

@inproceedings{Kim:2007,
 author = {Kim, Miryung and Notkin, David and Grossman, Dan},
 title = {Automatic Inference of Structural Changes for Matching across Program Versions},
 booktitle = {ICSE},
 year = {2007},
 isbn = {0-7695-2828-7},
 pages = {333--343},
 numpages = {11},
} 

@Article{DR2011b,
  author = 	 {Barth{\'{e}}l{\'{e}}my Dagenais and Martin P. Robillard},
  title = 	 {Recommending Adaptive Changes for Framework Evolution},
  journal = 	 {TOSEM},
  year = 	 {2011},
  volume = 	 {20},
  number = 	 {4},
  month =        {9},
  omitpages = 	 {35 pages}
}

@inproceedings{LeGoues:2012,
 author = {Le Goues, Claire and Dewey-Vogt, Michael and Forrest, Stephanie and Weimer, Westley},
 title = {A systematic study of automated program repair: fixing 55 out of 105 bugs for \$8 each},
 booktitle = {ICSE},
 year = {2012},
} 

@inproceedings{guireg,
 author = {Memon, Atif M. and Soffa, Mary Lou},
 title = {Regression testing of {GUIs}},
 booktitle = {FSE},
 year = {2003},
 omitpages = {118--127},
 omitnumpages = {10},
} 


@article{Yoo:2012,
 author = {Yoo, S. and Harman, M.},
 title = {Regression testing minimization, selection and prioritization: a survey},
 journal = {Softw. Test. Verif. Reliab.},
 issue_date = {March 2012},
 volume = {22},
 number = {2},
 month = mar,
 year = {2012},
 issn = {0960-0833},
 pages = {67--120},
 numpages = {54},
 url = {http://dx.doi.org/10.1002/stv.430},
 doi = {10.1002/stv.430},
 acmid = {2284813},
 publisher = {John Wiley and Sons Ltd.},
 address = {Chichester, UK},
 keywords = {regression test selection, regression testing, test case prioritization, test suite minimization},
} 


@inproceedings{Gross:2012,
 author = {Gross, Florian and Fraser, Gordon and Zeller, Andreas},
 title = {Search-based system testing: high coverage, no false alarms},
 booktitle = {ISSTA},
 year = {2012},
} 



@inproceedings{Jagannath:2011,
 author = {Jagannath, Vilas and Luo, Qingzhou and Marinov, Darko},
 title = {Change-aware preemption prioritization},
 booktitle = {Proc. ISSTA '11},
 OMITseries = {ISSTA '11},
 year = {2011},
 isbn = {978-1-4503-0562-4},
 OMITlocation = {Toronto, Ontario, Canada},
 pages = {133--143},
 numpages = {11},
 url = {http://doi.acm.org/10.1145/2001420.2001437},
 doi = {http://doi.acm.org/10.1145/2001420.2001437},
 acmid = {2001437},
 keywords = {multithreaded, prioritization, testing},
} 


@InProceedings{BMF97,
  author       = "Braberman, V\'{\i}ctor and Marr\'e, Martina and Felder, Miguel",
  title        = "Testing Timing Behaviors of Real Time Software",
  booktitle    = "The 10th International Software Quality Week",
  month        = "May",
  year         = "1997",
  OMITpublisher    = "Software Research Institute,Inc.",
  url          = "http://publicaciones.dc.uba.ar/Publications/1997/BMF97"
}

@inproceedings{Harrold:2000:TR:336512.336532,
author = {Harrold, Mary Jean},
 title = {Testing: a roadmap},
 booktitle = {Proc. of the Conference on The Future of Software Engineering},
 year = {2000},
 isbn = {1-58113-253-0},
 location = {Limerick, Ireland},
 pages = {61--72},
 numpages = {12},
 url = {http://doi.acm.org/10.1145/336512.336532},
 doi = {http://doi.acm.org/10.1145/336512.336532},
 acmid = {336532},
} 
@inproceedings{Jiang:2008:PPS:1453101.1453110,
 author = {Jiang, Lingxiao and Su, Zhendong},
 title = {Profile-guided program simplification for effective testing and analysis},
 booktitle = {Proc. FSE},
 OMITseries = {SIGSOFT '08/FSE-16},
 year = {2008},
 isbn = {978-1-59593-995-1},
 location = {Atlanta, Georgia},
 numpages = {11},
 url = {http://doi.acm.org/10.1145/1453101.1453110},
 doi = {http://doi.acm.org/10.1145/1453101.1453110},
 acmid = {1453110},
 keywords = {profiling, program simplification, statistical debugging, testing and analysis},
} 
@inproceedings{Jagannath:2011:IMU:2025113.2025145,
 author = {Jagannath, Vilas and Gligoric, Milos and Jin, Dongyun and Luo, Qingzhou and Rosu, Grigore and Marinov, Darko},
 title = {Improved multithreaded unit testing},
 booktitle = {FSE},
 year = {2011},
 isbn = {978-1-4503-0443-6},
 numpages = {11},
 url = {http://doi.acm.org/10.1145/2025113.2025145},
 doi = {http://doi.acm.org/10.1145/2025113.2025145},
 acmid = {2025145},
 keywords = {imunit, multithreaded code, unit testing},
} 

@inproceedings{Sumner:2010:PCC:1806799.1806875,
 author = {Sumner, William N. and Zheng, Yunhui and Weeratunge, Dasarath and Zhang, Xiangyu},
 title = {Precise calling context encoding},
 booktitle = {Proc. ICSE '10},
 OMITseries = {ICSE '10},
 year = {2010},
 isbn = {978-1-60558-719-6},
 location = {Cape Town, South Africa},
 pages = {525--534},
 numpages = {10},
 url = {http://doi.acm.org/10.1145/1806799.1806875},
 doi = {http://doi.acm.org/10.1145/1806799.1806875},
 acmid = {1806875},
 keywords = {calling context, dynamic context sensitivity, profiling},
} 
@inproceedings{Huang:2011:PPC:2001420.2001438,
 author = {Huang, Jeff and Zhang, Charles},
 title = {Persuasive prediction of concurrency access anomalies},
 booktitle = {Proc. ISSTA '11},
 OMITseries = {ISSTA '11},
 year = {2011},
 isbn = {978-1-4503-0562-4},
 location = {Toronto, Ontario, Canada},
 OMITpages = {144--154},
 numpages = {11},
 url = {http://doi.acm.org/10.1145/2001420.2001438},
 doi = {http://doi.acm.org/10.1145/2001420.2001438},
 acmid = {2001438},
 keywords = {access anomaly, bug detection, persuasive},
} 

@INPROCEEDINGS{Nagarajan03refactoringusing,
    author = {Adithya Nagarajan and Atif Memon},
    title = {Refactoring Using Event-based Profiling},
    booktitle = {REFAC},
    year = {2003}
}
@inproceedings{Xie:2006:MTC:1172962.1172990,
 author = {Xie, Qing and Memon, Atif M.},
 title = {Model-Based Testing of Community-Driven Open-Source {GUI} Applications},
 booktitle = {Proc. ICSM 2006},
 year = {2006},
 isbn = {0-7695-2354-4},
 pages = {145--154},
 numpages = {10},
 url = {http://dl.acm.org/citation.cfm?id=1172962.1172990},
 doi = {10.1109/ICSM.2006.39},
 acmid = {1172990},
} 
@inproceedings{Staats:2011:PTO:1985793.1985847,
 author = {Staats, Matt and Whalen, Michael W. and Heimdahl, Mats P.E.},
 title = {Programs, tests, and oracles: the foundations of testing revisited},
 booktitle = {ICSE},
 year = {2011},
 isbn = {978-1-4503-0445-0},
 location = {Waikiki, Honolulu, HI, USA},
 numpages = {10},
 url = {http://doi.acm.org/10.1145/1985793.1985847},
 doi = {http://doi.acm.org/10.1145/1985793.1985847},
 acmid = {1985847},
 keywords = {testing formalism, theory of testing},
} 
@inproceedings{Beckman:2011:PMS:1993498.1993524,
 author = {Beckman, Nels E. and Nori, Aditya V.},
 title = {Probabilistic, modular and scalable inference of typestate specifications},
 booktitle = {Proc. PLDI '11},
 OMITseries = {PLDI '11},
 year = {2011},
 isbn = {978-1-4503-0663-8},
 location = {San Jose, California, USA},
 pages = {211--221},
 numpages = {11},
 url = {http://doi.acm.org/10.1145/1993498.1993524},
 doi = {http://doi.acm.org/10.1145/1993498.1993524},
 acmid = {1993524},
 keywords = {aliasing, inference, object protocol, ownership, permission, specification, typestate},
} 

@inproceedings{Gross:2012:SST,
 author = {Gross, Florian and Fraser, Gordon and Zeller, Andreas},
 title = {Search-based system testing: high coverage, no false alarms},
 booktitle = {ISSTA},
 year = {2012},
} 

@inproceedings{Ricca:2001:ATW,
 author = {Ricca, Filippo and Tonella, Paolo},
 title = {Analysis and testing of Web applications},
 booktitle = {Proc. ICSE},
 OMITseries = {ICSE '01},
 year = {2001},
 isbn = {0-7695-1050-7},
 location = {Toronto, Ontario, Canada},
 numpages = {10},
 url = {http://dl.acm.org/citation.cfm?id=381473.381476},
 acmid = {381476},
 keywords = {UML modeling, code analysis, reverse engineering, testing, web applications},
} 

@inproceedings{Sinha:2009:FLR,
 author = {Sinha, Saurabh and Shah, Hina and G\"{o}rg, Carsten and Jiang, Shujuan and Kim, Mijung and Harrold, Mary Jean},
 title = {Fault localization and repair for {J}ava runtime exceptions},
 booktitle = {ISSTA},
 year = {2009},
} 


@inproceedings{Mani:2010:ASR,
 author = {Mani, Senthil and Sinha, Vibha Singhal and Dhoolia, Pankaj and Sinha, Saurabh},
 title = {Automated support for repairing input-model faults},
 booktitle = {ASE},
 year = {2010},
} 


@article{Muccini_Bertolino_Inverardi_2004,
	title={Using Software Architecture for Code Testing},
	volume={30},
	number={3},
	journal={IEEE TSE},
	author={Muccini, H and Bertolino, A and Inverardi, P},
	year={2004},
	pages={160--171}
}



@inproceedings{androidtesting,
 author = {Cuixiong, Hu and Iulian, Neamtiu},
 title = {Automating {GUI} Testing for {A}ndroid Applications},
 booktitle = {Proc. AST '11},
 OMITseries = {AST'11},
 year = {2011},
 location = {Waikiki, Honolulu, Hawaii},
} 

@inproceedings{Payet:2011:SAA:2032266.2032299,
 author = {Payet, \'{E}tienne and Spoto, Fausto},
 title = {Static analysis of {A}ndroid programs},
 booktitle = {Proc. CADE' 11},
 OMITseries = {CADE'11},
 year = {2011},
 isbn = {978-3-642-22437-9},
 location = {Wroc\&\#322;aw, Poland},
 OMITpages = {439--445},
 numpages = {7},
 url = {http://dl.acm.org/citation.cfm?id=2032266.2032299},
 acmid = {2032299},
} 


@inproceedings{ZhangZE2011,
   author = {Sai Zhang and Cheng Zhang and Michael D. Ernst},
   title = {Automated documentation inference to explain failed tests},
   booktitle = {Proc. ASE 2011},
   address = {Lawrence, KS, USA},
   month = nov,
   year = {2011}
}

@inproceedings{kcfa,
 author = {Grove, David and DeFouw, Greg and Dean, Jeffrey and Chambers, Craig},
 title = {Call graph construction in object-oriented languages},
 booktitle = {OOPSLA},
 year = {1997},
 isbn = {0-89791-908-4},
 location = {Atlanta, Georgia, United States},
 numpages = {17},
 url = {http://doi.acm.org/10.1145/263698.264352},
 doi = {http://doi.acm.org/10.1145/263698.264352},
 acmid = {264352},
} 

@inproceedings{inccg, 
title = {Incremental Call Graph Reanalysis for Object-Oriented Software Maintenance},
author = {Souter, Amie and Pollock, Lori},
booktitle = {ICSM},
year = {2001}
}

@inproceedings{pointer-2004, 
title = {Pointer analysis in the presence of dynamic class loading},
author = {Hirzel, Martin and Diwan, Amer and Hind, Michael},
booktitle = {Proc. ECOOP},
pages = {96--122},
year = {2004}
}

@inproceedings{xta,
 author = {Tip, Frank and Palsberg, Jens},
 title = {Scalable propagation-based call graph construction algorithms},
 booktitle = {Proc. OOPSLA},
 year = {2000},
 isbn = {1-58113-200-X},
 OMITlocation = {Minneapolis, Minnesota, United States},
 numpages = {13},
 url = {http://doi.acm.org/10.1145/353171.353190},
 doi = {http://doi.acm.org/10.1145/353171.353190},
 acmid = {353190},
} 


@inproceedings{rta,
 author = {Bacon, David F. and Sweeney, Peter F.},
 title = {Fast static analysis of {C}++ virtual function calls},
 booktitle = {Proc. OOPSLA},
 year = {1996},
 isbn = {0-89791-788-X},
 location = {San Jose, California, United States},
 numpages = {18},
 url = {http://doi.acm.org/10.1145/236337.236371},
 doi = {http://doi.acm.org/10.1145/236337.236371},
 acmid = {236371},
} 



@unpublished{fuchs2009,
  author = {Adam Fuchs and Avik Chaudhuri and Jeffrey Foster},
  title = {{SCanDroid}: Automated Security Certification of {A}ndroid Applications},
  note = {Available from the second author's website},
  year = 2009,
  url = {http://www.cs.umd.edu/~avik/projects/scandroidascaa/},
}

@inproceedings{Kervinen06model-basedtesting,
    author = {Antti Kervinen and Mika Maunumaa and Tuula Pääkkönen and Mika Katara},
    title = {Model-based testing through a {GUI}},
    booktitle = {Proc. FATES 2005},
    year = {2006},
    pages = {16--31},
}

@article{Mens:2004,
 author = {Mens, Tom and Tourw\'{e}, Tom},
 title = {A Survey of Software Refactoring},
 journal = {IEEE Trans. Softw. Eng.},
 volume = {30},
 issue = {2},
 month = feb,
 year = {2004},
 issn = {0098-5589},
 pages = {126--139},
 numpages = {14},
 url = {http://dl.acm.org/citation.cfm?id=972215.972286},
 doi = {10.1109/TSE.2004.1265817},
 acmid = {972286},
 keywords = {Coding tools and techniques, programming environments/construction tools, restructuring, reverse engineering, and reengineering.},
} 


@Misc{eclipse,
  key =   {Eclipse},
  title =    {The {Eclipse} {IDE} for {Java} },
  note = {\url{http://eclipse.org/}},
}

@Misc{android,
  key =   {Android},
  title =    {Android website},
  note = {\url{http://www.android.com/}},
}

@Misc{xwindow,
  key =   {XWindow},
  title =    {The {XWindow} System},
  note = {\url{http://www.x.org/wiki/}},
}

@Misc{top3bugs,
  key =   {Top3Bugs},
  title =    {Top 3 {SWT} Exceptions},
  note = {Presentation by Lakshmi P Shanmugam, Eclipse {SWT} team at Eclipse Day India. \url{http://www.slideshare.net/lakshmip/top-3-swt-exceptions-3951224}},
}

@Misc{macos,
  key =   {MacOS},
  title =    {MacOS {Cocoa}},
  note = {\url{http://developer.apple.com/technologies/mac/cocoa.html}},
}

@Misc{celer,
  key =   {Celer},
  title =    {The {CelerFTP}},
  note = {\url{http://celerftp.sourceforge.net/}},
}
@Misc{virgo,
  key =   {Virgo},
  title =    {The {VirgoFTP}},
  note = {\url{http://virgoftp.sourceforge.net/}},
}
@Misc{filebunker,
  key =   {Filebunker},
  title =    {{FileBunker}},
  note = {\url{http://filebunker.sourceforge.net/}},
}

@Misc{anyedit,
  key =   {AnyEdit},
  title =    {{AnyEdit}},
  note = {\url{http://andrei.gmxhome.de/anyedit/}},
}
@Misc{hudson,
  key =   {Hundson},
  title =    {{HundsonEclipse}},
  note = {\url{http://code.google.com/p/hudson-eclipse/}},
}
@Misc{filesync,
  key =   {FileSync},
  title =    {{FileSync}},
  note = {\url{http://andrei.gmxhome.de/filesync/}},
}
@Misc{eclipserunner,
  key =   {EclipseRunner},
  title =    {{EclipseRunner}},
  OMITnote = {\url{http://eclipserunnerplugin.googlecode.com/}},
  note = {\url{http://andrei.gmxhome.de/filesync/}},
}
@Misc{s3dropbox,
  key =   {S3Dropbox},
  title =    {{S3dropbox}},
  note = {\url{http://s3dropbox.googlecode.com}},
}
@Misc{sudokusolver,
  key =   {SudokuSolver},
  title =    {{SudokuSolver}},
  note = {\url{http://sudokupuzzlesol.sourceforge.net/}},
}
@Misc{mytracks,
  key =   {MyTracks},
  title =    {{MyTracks}},
  note = {\url{http://code.google.com/p/mytracks}},
}
@Misc{apktool,
  key =   {Apktool},
  title =    {{Android-Apktool}},
  note = {\url{http://code.google.com/p/android-apktool/}},
}
@Misc{ded,
  key =   {Ded},
  title =    {{Ded Decompiler}},
  note = {\url{http://siis.cse.psu.edu/ded/}},
}
@Misc{fennec,
  key =   {Fennec},
  title =    {{Fennec}},
  note = {\url{http://www.mozilla.org/en-US/mobile/}},
}
@Misc{sgtpuzzles,
  key =   {SGTPuzzles},
  title =    {{SGTPuzzles}},
  note = {\url{http://chris.boyle.name/projects/android-puzzles}},
}

@Misc{locc,
  key =   {LOCC},
  title =    {{LOCC}},
  note = {\url{http://csdl.ics.hawaii.edu/Plone/research/locc/}},
}

@Misc{areca,
  key =   {ArecaBackup},
  title =    {{ArecaBackup}},
  note = {\url{http://www.areca-backup.org/}},
}

@misc{JSR308-webpage-201110,
   author = {Michael D. Ernst},
   title = {{Type Annotations} specification ({JSR} 308)},
   month = oct,
   year = {2011},
   howpublished = {\url{http://types.cs.washington.edu/jsr308/}}
}

@InProceedings{RepsHS95,
  author = 	 "Thomas Reps and Susan Horwitz and Mooly Sagiv",
  title = 	 "Precise interprocedural dataflow analysis via graph reachability",
  booktitle =	 "POPL",
  OMITpages =	 "49--61",
  year =	 1995,
  OMITaddress =	 POPL95addr,
  OMITmonth =	 POPL95date
}

@InProceedings{DietlDEMS2011,
  author = 	 "Werner Dietl and Stephanie Dietzel and Michael D. Ernst and K{\i}van{\c{c}} Mu{\c{s}}lu and Todd Schiller",
  authorASCII = 	 "Werner Dietl and Stephanie Dietzel and Michael D. Ernst and Kivanc Muslu and Todd Schiller",
  title = 	 "Building and using pluggable type-checkers",
  booktitle = "ICSE",
  OMITpages = 	 "681--690",
  year = 	 2011,
  OMITaddress = 	 ICSE2011addr,
  OMITmonth = 	 ICSE2011date,
}
